<collection xmlns="http://www.loc.gov/MARC21/slim">
<record>
  <leader>01317nam0a2200265 i 450 </leader>
  <controlfield tag="001">IT\ICCU\CNCE\011051</controlfield>
  <controlfield tag="005">20151027000000.0</controlfield>
  <datafield tag="012" ind1=" " ind2=" ">
    <subfield code="a">reno aite i.ti Seto (C) 1525 (R)</subfield>
    <subfield code="2">fei</subfield>
  </datafield>
  <datafield tag="100" ind1=" " ind2=" ">
    <subfield code="a">19970101d1525        0itac0103    ba</subfield>
  </datafield>
  <datafield tag="101" ind1=" " ind2=" ">
    <subfield code="a">ITA</subfield>
  </datafield>
  <datafield tag="102" ind1=" " ind2=" ">
    <subfield code="a">IT</subfield>
  </datafield>
  <datafield tag="200" ind1="1" ind2=" ">
    <subfield code="a">Confessionario di frate Cherubino da Firenze de lordine de predicatori della congregatione obseruante di sancto Marcho di Firenze</subfield>
  </datafield>
  <datafield tag="210" ind1=" " ind2=" ">
    <subfield code="e">Impresso in Venetia</subfield>
    <subfield code="g">per Bernardino de Viano de Lexona Vercellese</subfield>
    <subfield code="h">1525 adi vltimo marzo</subfield>
  </datafield>
  <datafield tag="215" ind1=" " ind2=" ">
    <subfield code="a">\32! c.</subfield>
    <subfield code="d">8ʻ</subfield>
  </datafield>
  <datafield tag="620" ind1=" " ind2=" ">
    <subfield code="a">IT</subfield>
    <subfield code="d">Venezia</subfield>
  </datafield>
  <datafield tag="700" ind1=" " ind2="0">
    <subfield code="a">Cherubino</subfield>
    <subfield code="c"> : da#Firenze</subfield>
    <subfield code="3">IT\ICCU\CNCA\002988</subfield>
  </datafield>
  <datafield tag="712" ind1="0" ind2="0">
    <subfield code="a">Viani, Bernardino</subfield>
    <subfield code="c"> &lt;1.&gt;</subfield>
    <subfield code="3">IT\ICCU\CNCT\000442</subfield>
    <subfield code="4">650</subfield>
  </datafield>
  <datafield tag="791" ind1="0" ind2="2">
    <subfield code="a">Bernardinus Vercellensis</subfield>
    <subfield code="c"> &lt;1500-1543&gt;</subfield>
    <subfield code="3">IT\ICCU\CNCT\002940</subfield>
    <subfield code="z">Viani, Bernardino &lt;1.&gt;</subfield>
  </datafield>
  <datafield tag="791" ind1="0" ind2="0">
    <subfield code="a">Vercellensis, Bernardinus</subfield>
    <subfield code="c"> &lt;1500-1543&gt;</subfield>
    <subfield code="3">IT\ICCU\CNCT\002941</subfield>
    <subfield code="z">Viani, Bernardino &lt;1.&gt;</subfield>
  </datafield>
  <datafield tag="791" ind1="0" ind2="0">
    <subfield code="a">Lisona, Bernardinus de</subfield>
    <subfield code="3">IT\ICCU\CNCT\004159</subfield>
    <subfield code="z">Viani, Bernardino &lt;1.&gt;</subfield>
  </datafield>
  <datafield tag="791" ind1="0" ind2="0">
    <subfield code="a">Lesona, Bernardino de</subfield>
    <subfield code="3">IT\ICCU\CNCT\004160</subfield>
    <subfield code="z">Viani, Bernardino &lt;1.&gt;</subfield>
  </datafield>
  <datafield tag="791" ind1="0" ind2="0">
    <subfield code="a">Vianis, Bernardinus de</subfield>
    <subfield code="c"> &lt;1.&gt;</subfield>
    <subfield code="3">IT\ICCU\CNCT\005876</subfield>
    <subfield code="z">Viani, Bernardino &lt;1.&gt;</subfield>
  </datafield>
  <datafield tag="791" ind1="0" ind2="0">
    <subfield code="a">Viano, Bernardino de</subfield>
    <subfield code="c"> &lt;1.&gt;</subfield>
    <subfield code="3">IT\ICCU\CNCT\005877</subfield>
    <subfield code="z">Viani, Bernardino &lt;1.&gt;</subfield>
  </datafield>
  <datafield tag="801" ind1=" " ind2="3">
    <subfield code="a">IT</subfield>
    <subfield code="b">ICCU</subfield>
    <subfield code="c">20201113</subfield>
  </datafield>
  <datafield tag="899" ind1=" " ind2=" ">
    <subfield code="a">Biblioteca universitaria. Padova</subfield>
    <subfield code="1">PD0158</subfield>
    <subfield code="2">PUV 00</subfield>
  </datafield>
</record>
</collection>
